<?xml version="1.0" encoding="UTF-8"?><collection xmlns="http://www.loc.gov/MARC21/slim"><record><leader>00528nam--2200145-i-4500</leader><controlfield tag="001">000015414</controlfield><controlfield tag="002">20161230</controlfield><controlfield tag="005">20161230201031</controlfield><controlfield tag="008">060222s1000------------r-----000-0-eng-d</controlfield><datafield ind1=" " ind2=" " tag="080"><subfield code="a">621.3.049.77:621.3.032.26(063)</subfield></datafield><datafield ind1=" " ind2=" " tag="245"><subfield code="a">Very high speed integrated circuit(vhsic) technology for electro-optic applications</subfield></datafield><datafield ind1=" " ind2=" " tag="260"><subfield code="a">Los Angeles,The International Society For Optical Engineering, Vi +118 P</subfield></datafield><datafield ind1=" " ind2=" " tag="490"><subfield code="a">Proceedings Of Spie-the International Society For Optical Engineering</subfield></datafield><datafield ind1=" " ind2=" " tag="700"><subfield code="a">Chan ,William/S.A.</subfield></datafield><datafield ind1=" " ind2=" " tag="852"><subfield code="a">72483</subfield></datafield></record></collection>